@article{Garg,
  author    = {Abhishek Garg and
               Alessandro Di Cara and
               Ioannis Xenarios and
               Luis Mendoza and
               Giovanni De Micheli},
  title     = {Synchronous versus asynchronous modeling of gene regulatory networks},
  journal   = {Bioinformatics},
  volume    = {24},
  number    = {17},
  pages     = {1917--1925},
  year      = {2008},
  url       = {http://dx.doi.org/10.1093/bioinformatics/btn336},
  doi       = {10.1093/bioinformatics/btn336},
  timestamp = {Tue, 27 Jan 4448691 08:00:16 +},
  biburl    = {http://dblp1.uni-trier.de/rec/bib/journals/bioinformatics/GargCXMM08},
  bibsource = {dblp computer science bibliography, http://dblp.org}
}


@article{Zheng,
    author = {Zheng, Desheng AND Yang, Guowu AND Li, Xiaoyu AND Wang, Zhicai AND Liu, Feng AND He, Lei},
    journal = {PLoS ONE},
    publisher = {Public Library of Science},
    title = {An Efficient Algorithm for Computing Attractors of Synchronous And Asynchronous Boolean Networks},
    year = {2013},
    month = {04},
    volume = {8},
    url = {http://dx.doi.org/10.1371%2Fjournal.pone.0060593},
    pages = {e60593},
    number = {4},
    doi = {10.1371/journal.pone.0060593}
}

@article{Bonzanni,
  author    = {Nicola Bonzanni and
               Abhishek Garg and
               K. Anton Feenstra and
               Judith Sch{\"{u}}tte and
               Sarah Kinston and
               Diego Miranda{-}Saavedra and
               Jaap Heringa and
               Ioannis Xenarios and
               Berthold G{\"{o}}ttgens},
  title     = {Hard-wired heterogeneity in blood stem cells revealed using a dynamic
               regulatory network model},
  journal   = {Bioinformatics},
  volume    = {29},
  number    = {13},
  pages     = {80--88},
  year      = {2013},
  url       = {http://dx.doi.org/10.1093/bioinformatics/btt243},
  doi       = {10.1093/bioinformatics/btt243},
  timestamp = {Tue, 15 Aug 4459780 10:32:00 +},
  biburl    = {http://dblp1.uni-trier.de/rec/bib/journals/bioinformatics/BonzanniGFSKMHXG13},
  bibsource = {dblp computer science bibliography, http://dblp.org}
}

@INPROCEEDINGS{Dubrova,
author={Dubrova, E. and Teslenko, M. and Liu Ming},
booktitle={Multiple-Valued Logic (ISMVL), 2010 40th IEEE International Symposium on},
title={Finding Attractors in Synchronous Multiple-Valued Networks Using SAT-Based Bounded Model Checking},
year={2010},
month={May},
pages={144-149},
keywords={Biological system modeling;Differential equations;Diseases;Explosions;Formal verification;Genetic mutations;Large-scale systems;Logic;Organisms;Signal analysis;SAT;attractor;bounded model checking;gene regulatory network;multiple-valued network},
doi={10.1109/ISMVL.2010.35},
ISSN={0195-623X},}

@incollection{Klarner
year={2014},
isbn={978-3-319-11519-1},
booktitle={Cellular Automata},
volume={8751},
series={Lecture Notes in Computer Science},
editor={Wąs, Jarosław and Sirakoulis, GeorgiosCh. and Bandini, Stefania},
doi={10.1007/978-3-319-11520-7_59},
title={Computing Symbolic Steady States of Boolean Networks},
url={http://dx.doi.org/10.1007/978-3-319-11520-7_59},
publisher={Springer International Publishing},
author={Klarner, Hannes and Bockmayr, Alexander and Siebert, Heike},
pages={561-570},
language={English}
}

